<?xml version="1.0" encoding="UTF-8"?>
<collection xmlns="http://www.loc.gov/MARC21/slim">
    <!-- 856 ind2 0 - fulltext online AND book -->
    <record>
        <leader>01952cam  2200457Ia 45í0</leader>
        <controlfield tag="001">a856ind2is0</controlfield>
        <controlfield tag="008">780930m19391944nyu           000 0 eng d</controlfield>
        <datafield tag="245" ind1="1" ind2="0">
            <subfield code="a">856 ind2 0 - fulltext online AND book</subfield>
        </datafield>
        <datafield tag="856" ind1="4" ind2="0">
            <subfield code="3">Bibliographic record display</subfield>
            <subfield code="u">http://www.netLibrary.com/urlapi.asp?action=summary&amp;v=1&amp;bookid=122436</subfield>
            <subfield code="z">A downloadable audio book accessible through the World Wide Web; click for information</subfield>
            <subfield code="y">/uPortal/media/com/dynix/hip/uportal/layout/tab-column/dynix-nest-tables/default/ebook_button_netlib.jpg</subfield>
            <subfield code="9">http://206.245.157.132:80/rpa/default/webauth.htm?rs=NetLibAudioHIP&amp;op=122436</subfield>
        </datafield>
    </record>