
    <!-- 856 ind2 1 no toc - fulltext online AND other -->
    <record>
        <leader>01952cab  2200457Ia 45í0</leader>
        <controlfield tag="001">a856ind2is1NotToc</controlfield>
        <controlfield tag="008">780930m19391944nyu           000 0 eng d</controlfield>
        <datafield tag="245" ind1="1" ind2="0">
            <subfield code="a">856 ind1 1 no toc - fulltext online AND other</subfield>
        </datafield>
        <datafield tag="856" ind1="4" ind2="1">
            <subfield code="3">FullText online</subfield>
            <subfield code="u">http://www.url856.com/fulltext/ind2_1/not_toc</subfield>
            <subfield code="z">A downloadable audio book accessible through the World Wide Web; click for information</subfield>
        </datafield>
    </record>