
    <!-- 856 ind2 1 toc in sub z - TOC (not fulltext) online AND journal -->
    <record>
        <leader>01952cas  2200457Ia 45í0</leader>
        <controlfield tag="001">a856ind2is1TocSubz</controlfield>
        <controlfield tag="008">780930m19391944nyu   p       000 v eng d</controlfield>
        <datafield tag="245" ind1="1" ind2="0">
            <subfield code="a">856 ind2 1 toc in sub z - TOC (not fulltext) online AND journal</subfield>
        </datafield>
        <datafield tag="856" ind1="4" ind2="1">
            <subfield code="3">coverage: blah</subfield>
            <subfield code="u">http://www.url856.com/ind2_1/toc_subz</subfield>
            <subfield code="z">Online table of contents from PCI available to Stanford-affiliated users</subfield>    
        </datafield>
     </record>