
    <!-- 856 ind2 2 - supplementary (not fulltext) online AND book -->
    <record>
        <leader>01952cam  2200457Ia 45í0</leader>
        <controlfield tag="001">a856ind2is2suppl</controlfield>
        <controlfield tag="008">780930m19391944nyu           000 0 eng d</controlfield>
        <datafield tag="245" ind1="1" ind2="0">
            <subfield code="a">856 ind2 2 - supplementary (not fulltext) online AND book</subfield>
        </datafield>
        <datafield tag="856" ind1="4" ind2="2">
            <subfield code="3">not fulltext</subfield>
            <subfield code="u">http://www.url856.com/ind2_2/supplementaryMaterial</subfield>
        </datafield>
    </record>