
    <!-- 956 blank indicators - fulltext online AND book -->
    <record>
        <leader>01952cam  2200457Ia 45í0</leader>
        <controlfield tag="001">a956BlankIndicators</controlfield>
        <controlfield tag="008">780930m19391944nyu           000 0 eng d</controlfield>
        <datafield tag="245" ind1="1" ind2="0">
            <subfield code="a">956 blank indicators - fulltext online AND book</subfield>
        </datafield>
        <datafield tag="956" ind1=" " ind2=" ">
            <subfield code="u">http://www.url956.com/fulltext/blankIndicators</subfield>
        </datafield>
    </record>