
    <!-- 956 ind2 0 - fulltext online AND book -->
    <record>
        <leader>01952cam  2200457Ia 45í0</leader>
        <controlfield tag="001">a956ind2is0</controlfield>
        <controlfield tag="008">780930m19391944nyu           000 0 eng d</controlfield>
        <datafield tag="245" ind1="1" ind2="0">
            <subfield code="a">956 ind2 0 - fulltext online AND book</subfield>
        </datafield>
        <datafield tag="956" ind1="4" ind2="0">
            <subfield code="u">http://www.url956.com/fulltext/ind2_is_0</subfield>
        </datafield>
    </record>