
    <!-- mult 856 and 956 - fulltext (4) online AND book -->    
    <record>
        <leader>01952cam  2200457Ia 45í0</leader>
        <controlfield tag="001">amult856and956</controlfield>
        <controlfield tag="008">780930m19391944nyu           000 0 eng d</controlfield>
        <datafield tag="245" ind1="1" ind2="0">
            <subfield code="a">mult 856 and 956 - fulltext (4) online AND book</subfield>
        </datafield>
        <datafield tag="856" ind1="4" ind2="1">
            <subfield code="3">Recent issues available to Stanford-affiliated users at:</subfield>
            <subfield code="u">http://www.sciencemag.org/</subfield>
        </datafield>
        <datafield tag="856" ind1="4" ind2="1">
            <subfield code="3">Back issues available to Stanford-affiliated users at:</subfield>
            <subfield code="u">http://www.jstor.org/journals/00368075.html</subfield>
        </datafield>
        <datafield tag="856" ind1="4" ind2="1">
            <subfield code="3">Back issues available to Stanford-affiliated users at:</subfield>
            <subfield code="u">http://www.sciencemag.org/archive/</subfield>
        </datafield>
        <datafield tag="956" ind1="4" ind2=" ">
            <subfield code="u">http://caslon.stanford.edu:3210/sfxlcl3?superLongURL</subfield>
            <subfield code="x">eLoaderURL</subfield>
            <subfield code="x">mc4</subfield>
            <subfield code="x">mc954925443632</subfield>
        </datafield>
    </record>