
    <!-- 956 with toc 856 and suppl 856 - fulltext and TOC and suppl online AND book -->    
    <record>
        <leader>01952cam  2200457Ia 45í0</leader>
        <controlfield tag="001">a956and856TOCand856suppl</controlfield>
        <controlfield tag="008">780930m19391944nyu           000 0 eng d</controlfield>
        <datafield tag="245" ind1="1" ind2="0">
            <subfield code="a">956 with toc 856 and suppl 856 - fulltext and TOC and suppl online AND book</subfield>
        </datafield>
        <datafield tag="856" ind1="4" ind2="2">
            <subfield code="u">http://www.url856.com/toc</subfield>
            <subfield code="z">Online table of contents from PCI available to Stanford-affiliated users:</subfield>
        </datafield>
        <datafield tag="856" ind1="4" ind2="2">
            <subfield code="3">supplementary</subfield>
            <subfield code="u">http://www.url856.com/ind2_2/supplMaterial</subfield>
        </datafield>
        <datafield tag="956" ind1="4" ind2=" ">
            <subfield code="u">http://www.url956.com/fulltext/ind2_is_blank</subfield>
            <subfield code="x">eLoaderURL</subfield>
            <subfield code="x">mc4</subfield>
            <subfield code="x">mc954921357406</subfield>
        </datafield>
    </record>