
    <!-- 856 toc and suppl, no fulltext AND book -->    
    <record>
        <leader>01952cam  2200457Ia 45í0</leader>
        <controlfield tag="001">a856tocAnd856SupplNoFulltext</controlfield>
        <controlfield tag="008">780930m19391944nyu           000 0 eng d</controlfield>
        <datafield tag="245" ind1="1" ind2="0">
            <subfield code="a">856 toc and suppl, no fulltext AND book</subfield>
        </datafield>
        <datafield tag="856" ind1="4" ind2="2">
            <subfield code="u">http://www.url856.com/toc</subfield>
            <subfield code="z">Online table of contents from PCI available to Stanford-affiliated users:</subfield>
        </datafield>
        <datafield tag="856" ind1="4" ind2="2">
            <subfield code="3">supplementary</subfield>
            <subfield code="u">http://www.url856.com/ind2_2/supplMaterial</subfield>
        </datafield>
    </record>