
    <!-- 956 SFX url: fulltext -->
    <record>
        <leader>00988nas a2200193z  4500</leader>
        <controlfield tag="001">a7117119</controlfield>
        <controlfield tag="008">071214uuuuuuuuuxx uu |ss    u|    |||| d</controlfield>
        <datafield tag="245" ind1="1" ind2=" ">
            <subfield code="a">sfx in 956</subfield>
        </datafield>
        <datafield tag="956" ind1="4" ind2="0">
            <subfield code="u">http://caslon.stanford.edu:3210/sfxlcl3?url_ver=Z39.88-2004&amp;ctx_ver=Z39.88-2004&amp;ctx_enc=info:ofi/enc:UTF-8&amp;rfr_id=info:sid/sfxit.com:opac_856&amp;url_ctx_fmt=info:ofi/fmt:kev:mtx:ctx&amp;sfx.ignore_date_threshold=1&amp;rft.object_id=110978984448763&amp;svc_val_fmt=info:ofi/fmt:kev:mtx:sch_svc&amp;</subfield>
            <subfield code="x">eLoaderURL</subfield>
            <subfield code="x">mb4</subfield>
            <subfield code="x">mb110978984448763</subfield>
        </datafield>
        <datafield tag="999" ind1=" " ind2=" ">
            <subfield code="a">INTERNET RESOURCE</subfield>
            <subfield code="w">ASIS</subfield>
            <subfield code="c">1</subfield>
            <subfield code="i">7117119-1001</subfield>
            <subfield code="l">INTERNET</subfield>
            <subfield code="m">SUL</subfield>
            <subfield code="r">N</subfield>
            <subfield code="s">Y</subfield>
            <subfield code="t">SUL</subfield>
            <subfield code="u">12/15/2007</subfield>
            <subfield code="z">TAX=8.25</subfield>
        </datafield>
    </record>