
    <!-- 856 https url is for a request form for SAL3  GSB -->
    <record>
        <leader>00988nas a2200193z  4500</leader>
        <controlfield tag="001">a1234https</controlfield>
        <controlfield tag="008">071214uuuuuuuuuxx uu |ss    u|    |||| d</controlfield>
        <datafield tag="245" ind1="1" ind2=" ">
            <subfield code="a">856 https url is for a request form for SAL3  GSB</subfield>
        </datafield>
        <datafield tag="856" ind1="4" ind2=" ">
            <subfield code="u">https://www.gsb.stanford.edu/jacksonlibrary/services/sal3_request.html</subfield>
            <subfield code="z">Request offsite item</subfield>
        </datafield>
        <datafield tag="999" ind1=" " ind2=" ">
            <subfield code="a">HG4521.R36</subfield>
            <subfield code="w">LC</subfield>
            <subfield code="c">1</subfield>
            <subfield code="i">J81S99</subfield>
            <subfield code="l">ASK@GSB</subfield>
            <subfield code="m">JACKSON</subfield>
            <subfield code="r">N</subfield>
            <subfield code="s">Y</subfield>
            <subfield code="t">BUSINESS</subfield>
            <subfield code="u">5/17/2008</subfield>
        </datafield>
    </record>