
    <!-- 856 LoC sample text url -->
    <record>
        <leader>00988nas a2200193z  4500</leader>
        <controlfield tag="001">a7423084</controlfield>
        <controlfield tag="008">071214uuuuuuuuuxx uu |ss    u|    |||| d</controlfield>
        <datafield tag="245" ind1="1" ind2=" ">
            <subfield code="a">sample test url from LOC (856 41)</subfield>
        </datafield>
        <datafield tag="856" ind1="4" ind2="1">
            <subfield code="3">Sample text</subfield>
            <subfield code="u">http://www.loc.gov/catdir/samples/prin031/2001032103.html</subfield>
        </datafield>
        <datafield tag="856" ind1="4" ind2="1">
            <subfield code="3">Table of contents</subfield>
            <subfield code="u">http://www.loc.gov/catdir/toc/prin031/2001032103.html</subfield>
        </datafield>
        <datafield tag="856" ind1="4" ind2="2">
            <subfield code="3">Publisher description</subfield>
            <subfield code="u">http://www.loc.gov/catdir/description/prin022/2001032103.html</subfield>
        </datafield>
            <datafield tag="999" ind1=" " ind2=" ">
            <subfield code="a">HG4521.R36</subfield>
            <subfield code="w">LC</subfield>
            <subfield code="c">1</subfield>
            <subfield code="i">J81S99</subfield>
            <subfield code="l">STAFF</subfield>
            <subfield code="m">ARS</subfield>
            <subfield code="r">N</subfield>
            <subfield code="s">Y</subfield>
            <subfield code="t">BUSINESS</subfield>
            <subfield code="u">5/17/2008</subfield>
        </datafield>
    </record>     
</collection>